<?xml version="1.0" encoding="UTF-8"?>
<record>
  <leader>01641nam#a2200361#cb4500</leader>
  <controlfield tag="005">20210409171613.0</controlfield>
  <controlfield tag="007">co#|||||||||||</controlfield>
  <controlfield tag="007">cr#|||||||||||</controlfield>
  <controlfield tag="008">201123|2020####gw######q#####|||#|#ger#c</controlfield>
  <controlfield tag="003">DE-605</controlfield>
  <controlfield tag="001">990368444930206441</controlfield>
  <datafield tag="020" ind1=" " ind2=" ">
    <subfield code="a">9783881485234</subfield>
    <subfield code="9">978-3-88148-523-4</subfield>
  </datafield>
  <datafield tag="024" ind1="7" ind2=" ">
    <subfield code="a">http://nbn-resolving.de/urn:nbn:de:101:1-2020112012434733354624</subfield>
    <subfield code="2">urn</subfield>
  </datafield>
  <datafield tag="035" ind1=" " ind2=" ">
    <subfield code="a">(DE-605)HT020651159</subfield>
  </datafield>
  <datafield tag="040" ind1=" " ind2=" ">
    <subfield code="a">B 23</subfield>
    <subfield code="b">ger</subfield>
    <subfield code="e">rda</subfield>
  </datafield>
  <datafield tag="041" ind1=" " ind2=" ">
    <subfield code="a">ger</subfield>
  </datafield>
  <datafield tag="044" ind1=" " ind2=" ">
    <subfield code="c">XA-DE</subfield>
  </datafield>
  <datafield tag="100" ind1="1" ind2=" ">
    <subfield code="a">Hannak, Lisa</subfield>
    <subfield code="4">aut</subfield>
  </datafield>
  <datafield tag="245" ind1="1" ind2="0">
    <subfield code="a">Parallelmessungen an deutschen Klimareferenzstationen</subfield>
    <subfield code="b">Schlussfolgerungen im Hinblick auf Homogenität und Messunsicherheiten</subfield>
    <subfield code="c">von Lisa Hannak und Sven Brinckmann ; Deutscher Wetterdienst</subfield>
  </datafield>
  <datafield tag="264" ind1=" " ind2="1">
    <subfield code="a">Offenbach am Main</subfield>
    <subfield code="b">Selbstverlag des Deutschen Wetterdienstes</subfield>
    <subfield code="c">2020</subfield>
  </datafield>
  <datafield tag="300" ind1=" " ind2=" ">
    <subfield code="a">1 Online-Ressource (97 Seiten : Diagramme)</subfield>
  </datafield>
  <datafield tag="336" ind1=" " ind2=" ">
    <subfield code="b">txt</subfield>
  </datafield>
  <datafield tag="337" ind1=" " ind2=" ">
    <subfield code="b">c</subfield>
  </datafield>
  <datafield tag="338" ind1=" " ind2=" ">
    <subfield code="b">cr</subfield>
  </datafield>
  <datafield tag="347" ind1=" " ind2=" ">
    <subfield code="a">Textdatei</subfield>
    <subfield code="b">PDF</subfield>
    <subfield code="c">20 MB</subfield>
  </datafield>
  <datafield tag="490" ind1="1" ind2=" ">
    <subfield code="a">Berichte des Deutschen Wetterdienstes</subfield>
    <subfield code="v">253</subfield>
  </datafield>
  <datafield tag="500" ind1=" " ind2=" ">
    <subfield code="a">Dieser Bericht ist im Rahmen einer gemeinsamen Forschungsaktivität des Referats „Nationale Klimaüberwachung“ und des Sachgebiets „In-situ Sondierung“ im Rahmen des DWD-Forschungsprogramms „Innovation in der angewandten Forschung und Entwicklung“ (IAFE) entstanden.</subfield>
    <subfield code="9">F:501</subfield>
  </datafield>
  <datafield tag="700" ind1="1" ind2=" ">
    <subfield code="a">Brinckmann, Sven</subfield>
    <subfield code="d">1977-</subfield>
    <subfield code="0">(DE-588)1019135727</subfield>
    <subfield code="4">aut</subfield>
    <subfield code="0">https://d-nb.info/gnd/1019135727</subfield>
    <subfield code="0">http://viaf.org/viaf/224784769</subfield>
    <subfield code="B">GND-1019135727</subfield>
  </datafield>
  <datafield tag="710" ind1="2" ind2=" ">
    <subfield code="a">Deutscher Wetterdienst</subfield>
    <subfield code="0">(DE-588)1012332-5</subfield>
    <subfield code="4">isb</subfield>
    <subfield code="0">https://d-nb.info/gnd/004068513</subfield>
    <subfield code="0">http://viaf.org/viaf/124947994</subfield>
    <subfield code="B">GND-004068513</subfield>
  </datafield>
  <datafield tag="830" ind1=" " ind2="0">
    <subfield code="a">Berichte des Deutschen Wetterdienstes</subfield>
    <subfield code="w">(DE-605)HT017313961</subfield>
    <subfield code="v">253</subfield>
    <subfield code="9">O:1</subfield>
  </datafield>
  <datafield tag="964" ind1="0" ind2="s">
    <subfield code="F">030</subfield>
    <subfield code="A">a|zur||||||17</subfield>
  </datafield>
  <datafield tag="964" ind1="0" ind2="s">
    <subfield code="F">050</subfield>
    <subfield code="A">||||||||d|||||</subfield>
  </datafield>
  <datafield tag="964" ind1="0" ind2="s">
    <subfield code="F">051</subfield>
    <subfield code="A">s|||||||</subfield>
  </datafield>
  <datafield tag="MBD" ind1=" " ind2=" ">
    <subfield code="M">49HBZ_NETWORK</subfield>
    <subfield code="i">990368444930206441</subfield>
    <subfield code="n">HBZ Network</subfield>
  </datafield>
  <datafield tag="MBD" ind1=" " ind2=" ">
    <subfield code="M">49HBZ_DWD</subfield>
    <subfield code="i">991002426719708975</subfield>
    <subfield code="n">Deutscher Wetterdienst</subfield>
  </datafield>
  <datafield tag="MNG" ind1=" " ind2=" ">
    <subfield code="c">System</subfield>
    <subfield code="f">ILS</subfield>
    <subfield code="i">marc21</subfield>
    <subfield code="l">74</subfield>
    <subfield code="k">01</subfield>
    <subfield code="e">false</subfield>
    <subfield code="d">2024-06-20 04:23:17 Europe/Berlin</subfield>
    <subfield code="g">036844493-HBZ01</subfield>
    <subfield code="j">60</subfield>
    <subfield code="a">import</subfield>
    <subfield code="b">2021-04-05 16:32:53 Europe/Berlin</subfield>
  </datafield>
  <datafield tag="POR" ind1=" " ind2=" ">
    <subfield code="x">78</subfield>
    <subfield code="a">5374811260008975</subfield>
    <subfield code="M">49HBZ_DWD</subfield>
    <subfield code="c">static</subfield>
    <subfield code="y">2025-08-28 12:59:38 Europe/Berlin</subfield>
    <subfield code="w">2025-08-28 12:59:38 Europe/Berlin</subfield>
    <subfield code="D">https://eu04.alma.exlibrisgroup.com/view/uresolver/49HBZ_NETWORK/openurl?u.ignore_date_coverage=true&amp;portfolio_pid=5374811260008975&amp;Force_direct=true</subfield>
    <subfield code="v">78</subfield>
    <subfield code="z">2025-08-28 10:59:38</subfield>
    <subfield code="i">false</subfield>
    <subfield code="S">5274811270008975</subfield>
    <subfield code="d">https://hbz-network.userservices.exlibrisgroup.com/view/uresolver/49HBZ_NETWORK/openurl?u.ignore_date_coverage=true&amp;rft.mms_id=991002426719708975</subfield>
    <subfield code="b">Available</subfield>
    <subfield code="e">https://dwdbib.dwd.de/retrosammlung/517444</subfield>
    <subfield code="8">5374811260008975</subfield>
  </datafield>
  <datafield tag="H52" ind1="8" ind2=" ">
    <subfield code="b">DMB</subfield>
    <subfield code="c">00004</subfield>
    <subfield code="8">2269598660008975</subfield>
  </datafield>
  <datafield tag="HOL" ind1=" " ind2=" ">
    <subfield code="b">2024-09-17 08:28:41</subfield>
    <subfield code="8">2269598660008975</subfield>
    <subfield code="M">49HBZ_DWD</subfield>
    <subfield code="g">false</subfield>
    <subfield code="a">import</subfield>
  </datafield>
  <datafield tag="ITM" ind1=" " ind2=" ">
    <subfield code="H">2269598660008975</subfield>
    <subfield code="x">00004</subfield>
    <subfield code="f">ADDITIONAL2</subfield>
    <subfield code="v">00004</subfield>
    <subfield code="p">Frei verfügbar</subfield>
    <subfield code="X">System</subfield>
    <subfield code="U">2020-11-23 11:59:00 Europe/Berlin</subfield>
    <subfield code="Y">2025-04-11 14:28:48 Europe/Berlin</subfield>
    <subfield code="h">false</subfield>
    <subfield code="n">DWDbib</subfield>
    <subfield code="P">Elektronisch</subfield>
    <subfield code="M">49HBZ_DWD</subfield>
    <subfield code="s">1</subfield>
    <subfield code="d">8</subfield>
    <subfield code="V">import</subfield>
    <subfield code="a">2369598640008975</subfield>
    <subfield code="t">8</subfield>
    <subfield code="B">20.494</subfield>
    <subfield code="W">2020-11-23 01:00:00 Europe/Berlin</subfield>
    <subfield code="u">DMB</subfield>
    <subfield code="w">DMB</subfield>
  </datafield>
  <datafield tag="GKT" ind1="2" ind2=" ">
    <subfield code="a">Deutschland</subfield>
    <subfield code="b">Bundesministerium für Verkehr und Digitale Infrastruktur</subfield>
    <subfield code="b">Deutscher Wetterdienst</subfield>
    <subfield code="A">GND</subfield>
    <subfield code="B">GND-004068513</subfield>
    <subfield code="C">410</subfield>
  </datafield>
  <datafield tag="GKT" ind1="2" ind2=" ">
    <subfield code="a">Wetterdienst</subfield>
    <subfield code="A">GND</subfield>
    <subfield code="B">GND-004068513</subfield>
    <subfield code="C">410</subfield>
  </datafield>
  <datafield tag="GKT" ind1="2" ind2=" ">
    <subfield code="a">Bundesanstalt Deutscher Wetterdienst</subfield>
    <subfield code="A">GND</subfield>
    <subfield code="B">GND-004068513</subfield>
    <subfield code="C">410</subfield>
  </datafield>
  <datafield tag="GKT" ind1="2" ind2=" ">
    <subfield code="a">Anstalt Deutscher Wetterdienst</subfield>
    <subfield code="A">GND</subfield>
    <subfield code="B">GND-004068513</subfield>
    <subfield code="C">410</subfield>
  </datafield>
  <datafield tag="GKT" ind1="2" ind2=" ">
    <subfield code="a">Deutscher Wetterdienst</subfield>
    <subfield code="b">Zentralamt</subfield>
    <subfield code="A">GND</subfield>
    <subfield code="B">GND-004068513</subfield>
    <subfield code="C">410</subfield>
  </datafield>
  <datafield tag="GKT" ind1="2" ind2=" ">
    <subfield code="a">Deutscher Wetterdienst</subfield>
    <subfield code="b">Central Office</subfield>
    <subfield code="A">GND</subfield>
    <subfield code="B">GND-004068513</subfield>
    <subfield code="C">410</subfield>
  </datafield>
  <datafield tag="GKT" ind1="2" ind2=" ">
    <subfield code="a">German Meteorological Service</subfield>
    <subfield code="A">GND</subfield>
    <subfield code="B">GND-004068513</subfield>
    <subfield code="C">410</subfield>
  </datafield>
  <datafield tag="GKT" ind1="2" ind2=" ">
    <subfield code="a">Meteorological Service</subfield>
    <subfield code="A">GND</subfield>
    <subfield code="B">GND-004068513</subfield>
    <subfield code="C">410</subfield>
  </datafield>
  <datafield tag="GKT" ind1="2" ind2=" ">
    <subfield code="a">German Weather Service</subfield>
    <subfield code="A">GND</subfield>
    <subfield code="B">GND-004068513</subfield>
    <subfield code="C">410</subfield>
  </datafield>
  <datafield tag="GKT" ind1="2" ind2=" ">
    <subfield code="a">Weather Service</subfield>
    <subfield code="A">GND</subfield>
    <subfield code="B">GND-004068513</subfield>
    <subfield code="C">410</subfield>
  </datafield>
  <datafield tag="GKT" ind1="2" ind2=" ">
    <subfield code="a">DWD</subfield>
    <subfield code="4">abku</subfield>
    <subfield code="i">Abkuerzung</subfield>
    <subfield code="A">GND</subfield>
    <subfield code="B">GND-004068513</subfield>
    <subfield code="C">410</subfield>
  </datafield>
  <datafield tag="GSI" ind1="7" ind2=" ">
    <subfield code="a">1012332-5</subfield>
    <subfield code="0">http://d-nb.info/gnd/1012332-5</subfield>
    <subfield code="2">gnd</subfield>
    <subfield code="A">GND</subfield>
    <subfield code="B">GND-004068513</subfield>
    <subfield code="C">024</subfield>
  </datafield>
  <datafield tag="GSI" ind1="7" ind2=" ">
    <subfield code="a">1019135727</subfield>
    <subfield code="0">http://d-nb.info/gnd/1019135727</subfield>
    <subfield code="2">gnd</subfield>
    <subfield code="A">GND</subfield>
    <subfield code="B">GND-1019135727</subfield>
    <subfield code="C">024</subfield>
  </datafield>
</record>
